@misc{GParted,
  journal = {GNOME Partition Editor},
  title = {Screenshots},
  publisher = {GNOME Partition Editor development team},
  year = {2015},
  URL = {http://gparted.sourceforge.net/screenshots.php},
  sorttitle = {B},
}

@misc{blivet-gui,
  journal = {Blog.vojtechtrefny.cz},
  title = {Blivet-gui},
  publisher = {Vojtěch Trefný},
  address = {Brno},
  year = {2014},
  URL = {http://blog.vojtechtrefny.cz/blivet-gui},
  sorttitle = {C},
}

@misc{centos,
  journal = {CentOS},
  title = {CentOS 7 Updates},
  publisher = {The CentOS Project},
  address = {Raleigh, NC},
  year = {2015},
  URL = {https://www.centos.org/},
  sorttitle = {A},
}

@misc{blivet,
  author = {Red Hat Inc. a další},
  journal = {Blivet},
  title = {Blivet},
  publisher = {Red Hat, Inc.},
  year = {2015},
  URL = {https://fedoraproject.org/wiki/Blivet},
  sorttitle = {D},
}

@misc{anaconda-rhel,
  author = {Red Hat Inc. a další},
  journal = {Anaconda},
  title = {Anaconda},
  publisher = {Red Hat, Inc.},
  year = {2016},
  URL = {https://fedoraproject.org/wiki/Anaconda},
  sorttitle = {F},
}

@misc{graphviz-python,
  author = {Python Software Foundation},
  journal = {graphviz-python 2.32.0},
  title = {graphviz-python 2.32.0},
  publisher = {Python Software Foundation},
  year = {2015},
  URL = {https://pypi.python.org/pypi/graphviz-python},
  sorttitle = {E},
}

@book{ubuntu,
	author = {Ivan Bíbr},
	title = {Ubuntu 10.10 CZ},
	subtitle = {praktická příručka uživatele Linuxu},
	publisher = {Computer Press},
	address = {Brno},
	year = {2010},
	edition = {Vyd. 1.},
	ISBN = {978-80-251-3007-0},
	sorttitle = {G}
}

@book{windows,
	author = {Brian Knittel and Paul McFedries},
	title = {Windows 10 in depth},
	publisher = {Que},
	address = {Indianapolis, Indiana},
	year = {2016},
	ISBN = {07-897-5474-6},
	sorttitle = {H}
}
